
@ARTICLE{Sizemore2018-ql,
  title    = "Cliques and cavities in the human connectome",
  author   = "Sizemore, Ann E and Giusti, Chad and Kahn, Ari and Vettel, Jean M
              and Betzel, Richard F and Bassett, Danielle S",
  journal  = "J. Comput. Neurosci.",
  volume   =  44,
  number   =  1,
  pages    = "115--145",
  month    =  feb,
  year     =  2018,
  language = "en",
  issn     = "0929-5313, 1573-6873",
  pmid     = "29143250",
  doi      = "10.1007/s10827-017-0672-6",
  pmc      = "PMC5769855"
}

@ARTICLE{Reimann2017-ji,
  title    = "Cliques of Neurons Bound into Cavities Provide a Missing Link
              between Structure and Function",
  author   = "Reimann, Michael W and Nolte, Max and Scolamiero, Martina and
              Turner, Katharine and Perin, Rodrigo and Chindemi, Giuseppe and
              D{\l}otko, Pawe{\l} and Levi, Ran and Hess, Kathryn and Markram,
              Henry",
  journal  = "Front. Comput. Neurosci.",
  volume   =  11,
  pages    = "48",
  month    =  jun,
  year     =  2017,
  language = "en",
  issn     = "1662-5188",
  pmid     = "28659782",
  doi      = "10.3389/fncom.2017.00048",
  pmc      = "PMC5467434"
}

@ARTICLE{Giusti2015-uo,
  title    = "Clique topology reveals intrinsic geometric structure in neural
              correlations",
  author   = "Giusti, Chad and Pastalkova, Eva and Curto, Carina and Itskov,
              Vladimir",
  journal  = "Proc. Natl. Acad. Sci. U. S. A.",
  volume   =  112,
  number   =  44,
  pages    = "13455--13460",
  month    =  nov,
  year     =  2015,
  language = "en",
  issn     = "0027-8424, 1091-6490",
  pmid     = "26487684",
  doi      = "10.1073/pnas.1506407112",
  pmc      = "PMC4640785"
}


@ARTICLE{Blevins2021-tf,
  title         = "Variability in higher order structure of noise added to
                   weighted networks",
  author        = "Blevins, Ann S and Kim, Jason Z and Bassett, Danielle S",
  month         =  jan,
  year          =  2021,
  archivePrefix = "arXiv",
  eprint        = "2101.03933",
  primaryClass  = "q-bio.QM",
  arxivid       = "2101.03933"
}


@ARTICLE{Myers2019-ws,
  title    = "Persistent homology of complex networks for dynamic state
              detection",
  author   = "Myers, Audun and Munch, Elizabeth and Khasawneh, Firas A",
  journal  = "Phys Rev E",
  volume   =  100,
  number   = "2-1",
  pages    = "022314",
  month    =  aug,
  year     =  2019,
  language = "en",
  issn     = "2470-0053, 2470-0045",
  pmid     = "31574743",
  doi      = "10.1103/PhysRevE.100.022314"
}
