
@ARTICLE{Sizemore2018-ql,
  title    = "Cliques and cavities in the human connectome",
  author   = "Sizemore, Ann E and Giusti, Chad and Kahn, Ari and Vettel, Jean M
              and Betzel, Richard F and Bassett, Danielle S",
  journal  = "J. Comput. Neurosci.",
  volume   =  44,
  number   =  1,
  pages    = "115--145",
  month    =  feb,
  year     =  2018,
  language = "en",
  issn     = "0929-5313, 1573-6873",
  pmid     = "29143250",
  doi      = "10.1007/s10827-017-0672-6",
  pmc      = "PMC5769855"
}

@ARTICLE{Reimann2017-ji,
  title    = "Cliques of Neurons Bound into Cavities Provide a Missing Link
              between Structure and Function",
  author   = "Reimann, Michael W and Nolte, Max and Scolamiero, Martina and
              Turner, Katharine and Perin, Rodrigo and Chindemi, Giuseppe and
              D{\l}otko, Pawe{\l} and Levi, Ran and Hess, Kathryn and Markram,
              Henry",
  journal  = "Front. Comput. Neurosci.",
  volume   =  11,
  pages    = "48",
  month    =  jun,
  year     =  2017,
  language = "en",
  issn     = "1662-5188",
  pmid     = "28659782",
  doi      = "10.3389/fncom.2017.00048",
  pmc      = "PMC5467434"
}

@ARTICLE{Giusti2015-uo,
  title    = "Clique topology reveals intrinsic geometric structure in neural
              correlations",
  author   = "Giusti, Chad and Pastalkova, Eva and Curto, Carina and Itskov,
              Vladimir",
  journal  = "Proc. Natl. Acad. Sci. U. S. A.",
  volume   =  112,
  number   =  44,
  pages    = "13455--13460",
  month    =  nov,
  year     =  2015,
  language = "en",
  issn     = "0027-8424, 1091-6490",
  pmid     = "26487684",
  doi      = "10.1073/pnas.1506407112",
  pmc      = "PMC4640785"
}
