
@ARTICLE{Myers2019-ws,
  title    = "Persistent homology of complex networks for dynamic state
              detection",
  author   = "Myers, Audun and Munch, Elizabeth and Khasawneh, Firas A",
  journal  = "Phys Rev E",
  volume   =  100,
  number   = "2-1",
  pages    = "022314",
  month    =  aug,
  year     =  2019,
  language = "en",
  issn     = "2470-0053, 2470-0045",
  pmid     = "31574743",
  doi      = "10.1103/PhysRevE.100.022314"
}

@MISC{Myers_undated-yl,
  title        = "Teaspoon: A comprehensive python package for topological
                  signal processing",
  author       = "Myers, Audun D and Yesilli, Melih C",
  howpublished = "\url{https://openreview.net/pdf?id=qUoVqrIcy2P}",
  note         = "Accessed: 2021-2-4"
}

@ARTICLE{Tauzin2020-eo,
  title         = "giotto-tda: A Topological Data Analysis Toolkit for Machine
                   Learning and Data Exploration",
  author        = "Tauzin, Guillaume and Lupo, Umberto and Tunstall, Lewis and
                   P{\'e}rez, Julian Burella and Caorsi, Matteo and
                   Medina-Mardones, Anibal and Dassatti, Alberto and Hess,
                   Kathryn",
  month         =  apr,
  year          =  2020,
  archivePrefix = "arXiv",
  eprint        = "2004.02551",
  primaryClass  = "cs.LG",
  arxivid       = "2004.02551"
}


@ARTICLE{Bresten2019-si,
  title         = "Detection of gravitational waves using topological data
                   analysis and convolutional neural network: An improved
                   approach",
  author        = "Bresten, Christopher and Jung, Jae-Hun",
  month         =  oct,
  year          =  2019,
  archivePrefix = "arXiv",
  eprint        = "1910.08245",
  primaryClass  = "astro-ph.IM",
  arxivid       = "1910.08245"
}


@ARTICLE{Mittal2017-hx,
  title    = "Topological characterization and early detection of bifurcations
              and chaos in complex systems using persistent homology",
  author   = "Mittal, Khushboo and Gupta, Shalabh",
  journal  = "Chaos",
  volume   =  27,
  number   =  5,
  pages    = "051102",
  month    =  may,
  year     =  2017,
  language = "en",
  issn     = "1054-1500, 1089-7682",
  pmid     = "28576103",
  doi      = "10.1063/1.4983840"
}
